@inproceedings{miao2021optimal,
  title={Optimal Fuel Feed Strategy for Asymmetric Arranged Multi-tanks Aircraft},
  author={Miao, H. and Ouyang, Z. and Yang, S. and Yan, W. and Cao, M. and Chen, S. and Yang, Z.},
  booktitle={2021 3rd International Conference on Industrial Artificial Intelligence (IAI)},
  pages={1--6},
  year={2021},
  organization={IEEE}
}

@article{kamal2012control,
  title={Control of traffic signals in a model predictive control framework},
  author={Kamal, M.A.S. and Imura J. and Ohata A. and Hayakawa, T.  and Aihara, K.},
  journal={IFAC Proceedings Volumes},
  volume={45},
  number={24},
  pages={221--226},
  year={2012},
  publisher={Elsevier}
}

@article{kamal2015traffic,
  title={Traffic signal control of a road network using MILP in the MPC framework},
  author={Kamal, M.A.S. and Imura, J. and Hayakawa, T. and Ohata, A. and Aihara, K.},
  journal={International journal of intelligent transportation systems research},
  volume={13},
  pages={107--118},
  year={2015},
  publisher={Springer}
}